<?xml version="1.0" encoding="UTF-8"?><record xmlns="http://www.loc.gov/MARC21/slim" xmlns:cinclude="http://apache.org/cocoon/include/1.0" xmlns:zs="http://www.loc.gov/zing/srw/">
  <leader>00458nz  a2200133n  4500</leader>
  <controlfield tag="001">nr2005029406</controlfield>
  <controlfield tag="003">DLC</controlfield>
  <controlfield tag="005">20051215033111.0</controlfield>
  <controlfield tag="008">051208n| acannaabn          |n aaa     c</controlfield>
  <datafield tag="010" ind1=" " ind2=" ">
    <subfield code="a">nr2005029406</subfield>
  </datafield>
  <datafield tag="040" ind1=" " ind2=" ">
    <subfield code="a">UPB</subfield>
    <subfield code="b">eng</subfield>
    <subfield code="c">UPB</subfield>
  </datafield>
  <datafield tag="100" ind1="1" ind2=" ">
    <subfield code="a">Bienner, Wilhelm,</subfield>
    <subfield code="d">1590-1651</subfield>
  </datafield>
  <datafield tag="670" ind1=" " ind2=" ">
    <subfield code="a">Kanzler Bienner und sein Prozess, 1898:</subfield>
    <subfield code="b">p. 7 (Wilhelm Bienner)</subfield>
  </datafield>
  <datafield tag="670" ind1=" " ind2=" ">
    <subfield code="a">Ö̈̈̈̈̈̈̈̈̈sterreich Lexikon, via WWW, Dec. 12, 2005</subfield>
    <subfield code="b">(Wilhelm Bienner, b. 1590; d. July 17, 1651)</subfield>
  </datafield>
</record>